@article{banijamali2017robust,
  title={Robust locally-linear controllable embedding},
  author={Banijamali, Ershad and Shu, Rui and Ghavamzadeh, Mohammad and Bui, Hung and Ghodsi, Ali},
  journal={arXiv preprint arXiv:1710.05373},
  year={2017}
}

@article{karl2017unsupervised,
  title={Unsupervised Real-Time Control through Variational Empowerment},
  author={Karl, Maximilian and Soelch, Maximilian and Becker-Ehmck, Philip and Benbouzid, Djalel and van der Smagt, Patrick and Bayer, Justin},
  journal={arXiv preprint arXiv:1710.05101},
  year={2017}
}


@article{krishnan2015deep,
  title={Deep kalman filters},
  author={Krishnan, Rahul G and Shalit, Uri and Sontag, David},
  journal={arXiv preprint arXiv:1511.05121},
  year={2015}
}


@article{kingma2013auto,
  title={Auto-encoding variational bayes},
  author={Kingma, Diederik P and Welling, Max},
  journal={arXiv preprint arXiv:1312.6114},
  year={2013}
}

@article{ha2018world,
  title={World Models},
  author={Ha, David and Schmidhuber, J{\"u}rgen},
  journal={arXiv preprint arXiv:1803.10122},
  year={2018}
}


@article{lesort2018state,
  title={State Representation Learning for Control: An Overview},
  author={Lesort, Timoth{\'e}e and D{\'\i}az-Rodr{\'\i}guez, Natalia and Goudou, Jean-Fran{\c{c}}ois and Filliat, David},
  journal={arXiv preprint arXiv:1802.04181},
  year={2018}
}


@inproceedings{medina2017learning,
  title={Learning Stable Task Sequences from Demonstration with Linear Parameter Varying Systems and Hidden Markov Models},
  author={Medina, Jos{\'e} R and Billard, Aude},
  booktitle={Conference on Robot Learning},
  pages={175--184},
  year={2017}
}


@inproceedings{watter2015embed,
  title={Embed to control: A locally linear latent dynamics model for control from raw images},
  author={Watter, Manuel and Springenberg, Jost and Boedecker, Joschka and Riedmiller, Martin},
  booktitle={Advances in neural information processing systems},
  pages={2746--2754},
  year={2015}
}


@article{karl2016deep,
  title={Deep variational bayes filters: Unsupervised learning of state space models from raw data},
  author={Karl, Maximilian and Soelch, Maximilian and Bayer, Justin and van der Smagt, Patrick},
  journal={arXiv preprint arXiv:1605.06432},
  year={2016}
}

@inproceedings{krizhevsky2012imagenet,
  title={Imagenet classification with deep convolutional neural networks},
  author={Krizhevsky, Alex and Sutskever, Ilya and Hinton, Geoffrey E},
  booktitle={Advances in neural information processing systems},
  pages={1097--1105},
  year={2012}
}


@article{mnih2015human,
  title={Human-level control through deep reinforcement learning},
  author={Mnih, Volodymyr and Kavukcuoglu, Koray and Silver, David and Rusu, Andrei A and Veness, Joel and Bellemare, Marc G and Graves, Alex and Riedmiller, Martin and Fidjeland, Andreas K and Ostrovski, Georg and others},
  journal={Nature},
  volume={518},
  number={7540},
  pages={529},
  year={2015},
  publisher={Nature Publishing Group}
}


